@book{biocurtis,
  author    = {Helena Curtis and N Sue Barnes and Adriana Schnek and Alicia Massarini},
  title     = {Biología},
  date      = {2008},
  edition   = {7},
  publisher = {Editorial Médica Panamericana}
}
@book{merch,
  author    = {Luis Felipe Jiménez and Horacio Merchant},
  title     = {Biología celular y molecular},
  date      = {2003},
  edition   = {1},
  publisher = {Pearson Educación}
}
@book{alberts,
  author    = {Bruce Alberts and Dennis Bray and Julian Lewis and Martin Raff and Keith Roberts and James D Watson},
  title     = {Biología molecular de la célula},
  date      = {2002},
  edition   = {3},
  publisher = {Ediciones Omega}
}
@book{luque,
  author    = {José {Luque Cabrera} and Ángel {Herráez Sánchez}},
  title     = {Texto ilustrado de biología molecular e ingeniería genética},
  date      = {2000},
  subtitle  = {Conceptos, técnicas y aplicaciones en ciencias de la salud},
  edition   = {1},
  publisher = {Elsevier Science España}
}
@book{feduchi,
  author    = {Elena {Feduchi Canosa} and Isabel {Blasco Castiñeyra} and Carlos Santiago {Romero Magdalena} and Esther {Yáñez Conde}},
  title     = {Bioquímica},
  date      = {2014},
  subtitle  = {Conceptos esenciales},
  edition   = {1},
  publisher = {Editorial Médica Panamericana}
}
@book{smith,
  author    = {Thomas M Smith and Robert Leo Smith},
  title     = {Ecología},
  date      = {2007},
  edition   = {6},
  publisher = {Pearson Educación}
}
@book{santos,
  author    = {Fernando {Escaso Santos} and José Luis {Martínez Guitarte}},
  title     = {Fundamentos básicos de fisiología vegetal y animal},
  date      = {2010},
  edition   = {1},
  publisher = {Pearson Educación}
}
@book{felder,
  author    = {Richard M Felder and Ronald W Rousseau},
  title     = {Principios elementales de los procesos químicos},
  date      = {2004},
  edition   = {3},
  publisher = {Limusa Wiley}
}
@book{smith-vanness,
  author    = {J M Smith and H C {Van Ness} and M M Abbott},
  title     = {Introducción a la termodinámica en ingeniería química},
  date      = {2007},
  edition   = {7},
  publisher = {McGraw-Hill Interamericana}
}
@book{castellan,
  author    = {Gilbert W Castellan},
  title     = {Fisicoquímica},
  date      = {1987},
  edition   = {2},
  publisher = {Addison Wesley Longman de México}
}
@book{tortora,
  author    = {Gerard J Tortora and Berdell R Funke and Christine L Case},
  title     = {Introducción a la microbiología},
  date      = {2007},
  edition   = {9},
  publisher = {Editorial Médica Panamericana}
}
@book{lisker,
  author    = {Rubén Lisker and Patricia {Grether González} and Alejandro {Zentella Dehesa}},
  title     = {Introducción a la genética humana},
  date      = {2013},
  edition   = {3},
  publisher = {El Manual Moderno}
}
@book{macfaddin,
  author    = {Jean F MacFaddin},
  title     = {Pruebas bioquímicas para la identificación de bacterias de importancia clínica},
  date      = {2003},
  edition   = {3},
  publisher = {Editorial Médica Panamericana}
}
@book{blocher,
  author    = {Edward J Blocher and David E Stout and Gary Cokins and Kung H Chen},
  title     = {Administración de costos },
  date      = {2008},
  subtitle  = {Un enfoque estratégico},
  edition   = {4},
  publisher = {McGraw-Hill Interamericana}
}
@book{bravo,
  author    = {Óscar Gómez Bravo},
  title     = {Contabilidad de costos},
  date      = {2005},
  edition   = {5},
  publisher = {McGraw-Hill Interamericana}
}
@book{baca,
  author    = {Gabriel {Baca Urbina}},
  title     = {Evaluación de proyectos},
  date      = {2010},
  edition   = {6},
  publisher = {McGraw-Hill Interamericana}
}
@book{urbina,
  author    = {Gabriel {Baca Urbina}},
  title     = {Fundamentos de ingeniería económica},
  date      = {2010},
  edition   = {5},
  publisher = {McGraw-Hill Interamericana}
}
@book{robbins,
  author    = {Allan H Robbins and Wilhelm C Miller},
  title     = {Análisis de circuitos},
  date      = {2008},
  subtitle  = {Teoría y práctica},
  edition   = {4},
  publisher = {Cengage Learning}
}
@book{hayt,
  author    = {Hayt, Jr., William H and Jack E Kemmerly and Steven M Durbin},
  title     = {Análisis de circuitos en ingeniería},
  date      = {2012},
  edition   = {8},
  publisher = {McGraw-Hill Interamericana}
}
@book{fraile,
  author    = {Jesús {Fraile Mora}},
  title     = {Circuitos eléctricos},
  date      = {2012},
  edition   = {1},
  publisher = {Pearson Educación}
}
@book{dorf,
  author    = {Richard C Dorf and James A Svoboda},
  title     = {Circuitos eléctricos},
  date      = {2011},
  edition   = {8},
  publisher = {Alfaomega}
}
@book{henley,
  author    = {Ernest J Henley and Edward M Rosen},
  title     = {Cálculos de balances de materia y energía},
  date      = {1973},
  subtitle  = {Métodos manuales y empleo de máquinas calculadoras},
  edition   = {1},
  publisher = {Editorial Reverté}
}
@book{villaseñor,
  author    = {Jorge Raúl {Villaseñor Gómez}},
  title     = {Circuitos eléctricos y electrónicos},
  date      = {2011},
  subtitle  = {Fundamentos y técnicas para su análisis},
  edition   = {1},
  publisher = {Pearson Educación}
}
@book{crane,
  author    = {{División de ingeniería de Crane}},
  title     = {Flujo de fluidos en válvulas, accesorios y tuberías},
  date      = {1989},
  edition   = {1},
  publisher = {McGraw-Hill}
}
@book{merle,
  author    = {Merla C Potter and David C Wiggert and Bassem Ramadan},
  title     = {Mecánica de fluidos},
  date      = {2012},
  edition   = {4},
  publisher = {Cengage Learning}
}
@book{holler,
  author    = {Douglas A Skoog and Donald M West and F James Holler and Stanley R Crouch},
  title     = {Fundamentos de química analítica},
  date      = {2015},
  edition   = {9},
  publisher = {Cengage Learning}
}
@book{skoog,
  author    = {Douglas A Skoog and F James Holler and Stanley R Crouch},
  title     = {Principios de análisis instrumental},
  date      = {2008},
  edition   = {9},
  publisher = {Cengage Learning}
}
@book{askeland,
  author    = {Donald R Askeland and Wendelin J Wright},
  title     = {Ciencia e ingeniería de materiales},
  date      = {2017},
  edition   = {7},
  publisher = {Cengage Learning}
}
@book{wenceslao,
  author    = {Wenceslao {González-Viñas} and Héctor L Mancini},
  title     = {Ciencia de los materiales},
  date      = {2003},
  edition   = {1},
  publisher = {Editorial Ariel}
}
@book{mine,
  author    = {Cornelis Klein and Cornelius S {Hurlbut Jr.}},
  title     = {Manual de Mineralogía},
  date      = {1997},
  volume    = {1},
  edition   = {4},
  publisher = {Editorial Reverté}
}
@book{chang11,
  author    = {Raymond Chang and Kennet A Goldsby},
  title     = {Química},
  date      = {2013},
  edition   = {11},
  publisher = {McGraw Hill Educación}
}
@book{mckelvey,
  author    = {J P Mckelvey},
  title     = {Física del estado sólido y de semiconductores},
  date      = {1996},
  edition   = {1},
  publisher = {Limusa Noriega Editores}
}
@book{hashemi,
  author    = {William F Smith and Javad Hashemi},
  title     = {Fundamentos de la ciencia e ingeniería de materiales},
  date      = {2006},
  edition   = {4},
  publisher = {McGraw Hill Interamericana}
}
@book{mate2,
  author    = {Michael F Ashby and David R H Jones},
  title     = {Materiales para ingeniería},
  subtitle  = {Introducción a la microestructura, el procesamiento y el diseño},
  date      = {2009},
  volume    = {2},
  edition   = {1},
  publisher = {Editorial Reverté}
}
@book{daft,
  author    = {Richard L Daft},
  title     = {Teoría y diseño organizacional},
  date      = {2011},
  edition   = {10},
  publisher = {Cengage Learning}
}
@book{gareth,
  author    = {Gareth H Jones},
  title     = {Teoría organizacional},
  subtitle  = {Diseño y cambio en las organizaciones},
  date      = {2008},
  edition   = {5},
  publisher = {Pearson Educación}
}
@book{levenspiel1,
  author    = {Octave Levenspiel},
  title     = {Ingeniería de las reacciones químicas},
  date      = {1993},
  edition   = {1},
  publisher = {Editorial Reverté}
}
@book{HimmeblauBischoff,
  author    = {David M Himmelblau and Kenneth B Bischoff},
  title     = {Análisis y simulación de procesos},
  date      = {1976},
  edition   = {1},
  publisher = {Editorial Reverté}
}

@book{Li,
  author    = {Shaofen Li},
  title     = {Reaction engineering},
  date      = {2017},
  edition   = {1},
  publisher = {Butterworth-Heinemann}
}
@book{kayoder,
  author    = {A {Kayode Coker}},
  title     = {Modeling of Chemical Kinetics and Reactor Design},
  date      = {2001},
  edition   = {1},
  publisher = {Gulf Professional Publishing}
}
@book{conesa,
  author    = {Juan {A Conesa}},
  title     = {Chemical reactor design},
  date      = {2020},
  subtitle  = {Mathematical modeling and applications},
  edition   = {1},
  publisher = {Wiley-VCH}
}
@book{fogler,
  author    = {H Scott Fogler},
  title     = {Elementos de ingeniería de las reacciones químicas},
  date      = {2008},
  edition   = {4},
  publisher = {Pearson Educación}
}
@book{lechuga,
  title     = {ABC para comprender los reactores químicos con multireacción},
  author    = {Fernando {Tiscareño Lechuga}},
  date      = {2008},
  edition   = {1},
  publisher = {Editorial Reverté}
}
@book{winter,
  title     = {Reactor design for chemical engineers},
  date      = {1999},
  editor    = {J M Winterbottom and M B King},
  edition   = {1},
  publisher = {Taylor \& Francis Group}
}s
@book{santamaria,
  author    = {Jesus Santamaría and Javier Herguido and Miguel A Menéndez and Miguel Monzón},
  title     = {Ingeniería de reactores},
  date      = {1999},
  edition   = {1},
  publisher = {Editorial Síntesis}
}
@book{glasstone,
  author    = {Samuel Glasstone},
  title     = {Termodinámica para químicos},
  date      = {1969},
  edition   = {1},
  publisher = {Colección ciencia y técnica}
}
@book{faires,
  author    = {Virgil Moring Faires and Clifford Max Simmang},
  title     = {Termodinámica},
  date      = {1983},
  edition   = {6},
  publisher = {Unión tipográfica editorial hispano americana}
}
@book{wark,
  author    = {Kennet {Wark Jr} and Donald E Richards},
  title     = {Termodinámica},
  date      = {2001},
  edition   = {6},
  publisher = {McGraw Hill}
}
@book{rocha,
  author    = {Víctor Hugo {Martínez Sifuentes} and Pedro A {Alonso Dávila} and Jaciento {López Toledo} and Manuel {Salado Carbajal} and Jóse Antonio {Rocha Uribe}},
  title     = {Simulación de procesos en ingeniería química},
  date      = {2000},
  edition   = {1},
  publisher = {Plaza y Valdés Editores}
}
@book{moranshapiro,
  author    = {Michael J Moran and Howard N Shapiro},
  title     = {Fundamentos de termodinámica técnica},
  date      = {2018},
  edition   = {2},
  publisher = {Editorial Reverté}
}
@book{luyben,
  author    = {William L Luyben},
  title     = {Principles and case studies of simultaneous design},
  date      = {2011},
  edition   = {1},
  publisher = {John Wiley \& Sons}
}
@book{dimian,
  author    = {Alexandre C Dimian and Costin Sorin Bildea},
  title     = {Chemical process design},
  subtitle  = {Computer-aided cases studies},
  date      = {2008},
  edition   = {1},
  publisher = {Wiley-VCH}
}
@book{towler,
  author    = {Ray Sinnot and Gavin Towler},
  title     = {Diseño en ingeniería química},
  date      = {2012},
  edition   = {1},
  publisher = {Editorial Reverté}
}
@book{coulson3,
  editor    = {J F Richardson and D G Peacock},
  title     = {Chemical engineering},
  subtitle  = {Chemical \& biochemical reactors \& process control},
  date      = {1994},
  edition   = {3},
  volume    = {3},
  publisher = {Butterworth Heinemann}
}
@book{coulson1,
  author    = {J M Coulson and J F Richardson and J R Backhurst and J H Harker},
  title     = {Chemical engineering},
  subtitle  = {Fluid flow, heat transfer and mass transfer},
  date      = {1999},
  edition   = {6},
  volume    = {1},
  publisher = {Butterworth Heinemann}
}
@book{doran,
  author    = {Pauline M Doran},
  title     = {Bioprocess engineering principles},
  date      = {2013},
  edition   = {2},
  publisher = {Academic Press}
}
@book{rubenstein,
  author    = {David A Rubenstein and Wei Yin and Mary D Frame},
  title     = {Biofluid mechanics},
  subtitle  = {An introduction to fluid mechanics, macrocirculation, and microcirculation},
  date      = {2022},
  edition   = {3},
  publisher = {Academic Press}
}
@book{clavell,
  author    = {Jóse {Segura Clavell}},
  title     = {Termodinámica técnica},
  date      = {1999},
  edition   = {1},
  publisher = {Editoral Reverté}
}
@book{himme,
  author    = {David M Himmelblau},
  title     = {Principios básicos y cálculos en ingeniería química},
  date      = {1997},
  edition   = {6},
  publisher = {Prentice Hall Hispanoamerica}
}
@book{volker,
  author    = {Volker Simon and Bernhard Weigand and Hassan Gomaa},
  title     = {Dimensional analysis for engineers},
  date      = {2017},
  edition   = {1},
  publisher = {Springer}
}
@book{cengelt,
  author    = {Yunus A Cengel and Michael A Boles},
  title     = {Termodinámica},
  date      = {2012},
  edition   = {7},
  publisher = {McGraw Hill Educación}
}